@article{bagging:1996,
	author = {L. Breiman},
	title = {Bagging predictors},
	journal = { Machine learning},
	year = {1996},
	volume = {24},
	pages = {123 - 140}
}